@misc{determinent,
  title = {Determinants and linear transformations},
  howpublished = {\url{http://mathinsight.org/determinant_linear_transformation}}
}